%% This BibTeX bibliography file was created using BibDesk.
%% http://bibdesk.sourceforge.net/

%% Created for Raju Rimal at 2016-09-07 13:22:50 +0200 


%% Saved with string encoding Unicode (UTF-8) 



@article{saebo2015simrel,
	Author = {S{\ae}b{\o}, Solve and Alm{\o}y, Trygve and Helland, Inge S},
	Date-Added = {2016-09-07 11:22:45 +0000},
	Date-Modified = {2016-09-07 11:22:45 +0000},
	Journal = {Chemometrics and Intelligent Laboratory Systems},
	Pages = {128--135},
	Publisher = {Elsevier},
	Title = {simrel---A versatile tool for linear model data simulation based on the concept of a relevant subspace and relevant predictors},
	Volume = {146},
	Year = {2015}}

@article{helland2012near,
	Author = {Helland, Inge S and Saeb{\o}, Solve and Tjelmeland, Ha and others},
	Date-Added = {2016-09-07 11:20:17 +0000},
	Date-Modified = {2016-09-07 11:20:17 +0000},
	Journal = {Scandinavian Journal of Statistics},
	Number = {4},
	Pages = {695--713},
	Publisher = {Wiley Online Library},
	Title = {Near optimal prediction from relevant components},
	Volume = {39},
	Year = {2012}}

@article{cook2016algorithms,
	Author = {Cook, R Dennis and Zhang, Xin},
	Date-Added = {2016-09-07 11:19:01 +0000},
	Date-Modified = {2016-09-07 11:19:01 +0000},
	Journal = {Journal of Computational and Graphical Statistics},
	Number = {1},
	Pages = {284--300},
	Publisher = {Taylor \&amp; Francis},
	Title = {Algorithms for envelope estimation},
	Volume = {25},
	Year = {2016}}

@article{cook2010envelope,
	Author = {Cook, R Dennis and Li, Bing and Chiaromonte, Francesca},
	Date-Added = {2016-09-07 11:18:45 +0000},
	Date-Modified = {2016-09-07 11:18:45 +0000},
	Journal = {Statistica Sinica},
	Pages = {927--960},
	Publisher = {JSTOR},
	Title = {Envelope models for parsimonious and efficient multivariate linear regression},
	Year = {2010}}

@article{cook2013envelopes,
	Author = {Cook, RD and Helland, IS and Su, Z},
	Date-Added = {2016-09-06 13:38:06 +0000},
	Date-Modified = {2016-09-06 13:38:06 +0000},
	Journal = {Journal of the Royal Statistical Society: Series B (Statistical Methodology)},
	Number = {5},
	Pages = {851--877},
	Publisher = {Wiley Online Library},
	Title = {Envelopes and partial least squares regression},
	Volume = {75},
	Year = {2013}}

@article{de1993simpls,
	Author = {De Jong, Sijmen},
	Date-Added = {2016-09-06 13:24:44 +0000},
	Date-Modified = {2016-09-06 13:24:44 +0000},
	Journal = {Chemometrics and intelligent laboratory systems},
	Number = {3},
	Pages = {251--263},
	Publisher = {Elsevier},
	Title = {SIMPLS: an alternative approach to partial least squares regression},
	Volume = {18},
	Year = {1993}}

@book{martens1992multivariate,
	Author = {Martens, Harald and Naes, Tormod},
	Date-Added = {2016-09-06 13:23:29 +0000},
	Date-Modified = {2016-09-06 13:23:29 +0000},
	Publisher = {John Wiley \&amp; Sons},
	Title = {Multivariate calibration},
	Year = {1992}}

@article{wold1985partial,
	Author = {Wold, Herman},
	Date-Added = {2016-09-06 13:16:19 +0000},
	Date-Modified = {2016-09-06 13:16:19 +0000},
	Journal = {Encyclopedia of statistical sciences},
	Publisher = {Wiley Online Library},
	Title = {Partial least squares},
	Year = {1985}}

@article{helland2001some,
	Author = {Helland, Inge S},
	Date-Added = {2016-09-06 13:00:45 +0000},
	Date-Modified = {2016-09-06 13:00:45 +0000},
	Journal = {Chemometrics and Intelligent Laboratory Systems},
	Number = {2},
	Pages = {97--107},
	Publisher = {Elsevier},
	Title = {Some theoretical aspects of partial least squares regression},
	Volume = {58},
	Year = {2001}}

@article{naes1993relevant,
	Author = {Naes, Tormod and Helland, Inge S},
	Date-Added = {2016-09-06 12:59:54 +0000},
	Date-Modified = {2016-09-06 12:59:54 +0000},
	Journal = {Scandinavian journal of statistics},
	Pages = {239--250},
	Publisher = {JSTOR},
	Title = {Relevant components in regression},
	Year = {1993}}

@article{helland1990partial,
	Author = {Helland, Inge S},
	Date-Added = {2016-09-06 09:48:40 +0000},
	Date-Modified = {2016-09-06 09:48:40 +0000},
	Journal = {Scandinavian Journal of Statistics},
	Pages = {97--114},
	Publisher = {JSTOR},
	Title = {Partial least squares regression and statistical models},
	Year = {1990}}
